<record><leader>00000cas a22000007a 4500</leader><controlfield tag="001">11907642</controlfield><controlfield tag="008">850411d18uu189utxuwr ne      0    0eng d</controlfield><datafield ind1=" " ind2=" " tag="010"><subfield code="a">sn 85033376 </subfield></datafield><datafield ind1=" " ind2=" " tag="040"><subfield code="a">NPU</subfield><subfield code="b">eng</subfield><subfield code="c">NPU</subfield><subfield code="d">PPM</subfield><subfield code="d">OCLCQ</subfield></datafield><datafield ind1=" " ind2=" " tag="042"><subfield code="a">msc</subfield></datafield><datafield ind1="0" ind2="4" tag="245"><subfield code="a">The Marlin ball.</subfield></datafield><datafield ind1=" " ind2=" " tag="260"><subfield code="a">Marlin, Tex. :</subfield><subfield code="b">T.C. Oltorf</subfield></datafield><datafield ind1=" " ind2=" " tag="300"><subfield code="a">v. ;</subfield><subfield code="c">51 cm.</subfield></datafield><datafield ind1=" " ind2=" " tag="310"><subfield code="a">Weekly</subfield></datafield><datafield ind1=" " ind2=" " tag="588"><subfield code="a">Description based on: Vol. 7, no. 41 (Jan. 14, 1881).</subfield></datafield><datafield ind1=" " ind2=" " tag="752"><subfield code="a">United States</subfield><subfield code="b">Texas</subfield><subfield code="c">Falls</subfield><subfield code="d">Marlin.</subfield></datafield><datafield ind1="0" ind2="0" tag="780"><subfield code="t">Moving ball</subfield><subfield code="w">(DLC)sn 84022067</subfield></datafield><datafield ind1="0" ind2="0" tag="785"><subfield code="t">Weekly Marlin ball</subfield><subfield code="w">(DLC)sn 86089224</subfield></datafield></record>